% Encoding: UTF-8

 
@Article{Koeva2016,
  author       = {Koeva, M. and Muneza, M. and Gevaert, C. and Gerke, M. and Nex, F.},
  date         = {2016-12},
  journaltitle = {Survey Review},
  title        = {Using UAVs for map creation and updating. A case study in Rwanda},
  doi          = {10.1080/00396265.2016.1268756},
  issn         = {1752-2706},
  number       = {361},
  pages        = {312--325},
  volume       = {50},
  publisher    = {Informa UK Limited},
}

@Article{isprs-annals-II-7-15-2014,
AUTHOR = {H\"ohle, J.},
TITLE = {Generation of 2D Land Cover Maps for Urban Areas Using Decision Tree Classification},
JOURNAL = {ISPRS Annals of the Photogrammetry, Remote Sensing and Spatial Information Sciences},
VOLUME = {II-7},
YEAR = {2014},
PAGES = {15--21},
URL = {https://isprs-annals.copernicus.org/articles/II-7/15/2014/},
DOI = {10.5194/isprsannals-II-7-15-2014}
}

@online{UAVDefinitie,
  title = {UAV},
  url = {https://www.vvsg.be/kennisitem/vvsg/drones-2},
  urldate = {2024-04-19},
  note = {Referentie voor de definitie van een UAV}
}

@inproceedings{madawalagama2016low,
  title={Low cost aerial mapping with consumer-grade drones},
  author={Madawalagama, Sasanka and Munasinghe, Niluka and Dampegama, SDPJ and Samarakoon, L},
  booktitle={37th Asian Conference on Remote Sensing},
  pages={1--8},
  year={2016}
}

@article{pell2022demystifying,
  title={Demystifying the differences between structure-from-MotionSoftware packages for pre-processing drone data},
  author={Pell, Taleatha and Li, Joan YQ and Joyce, Karen E},
  journal={Drones},
  volume={6},
  number={1},
  pages={24},
  year={2022},
  publisher={Multidisciplinary Digital Publishing Institute}
}

@misc{chekole2014surveying,
  title={Surveying with GPS, total station and terresterial laser scaner: a comparative study},
  author={Chekole, Solomon Dargie},
  year={2014}
}

@Comment{jabref-meta: databaseType:biblatex;}
